@Book{cinlar_probability_2011,
  author = {Erhan \c{C}inlar},
  title = {Probability and Stochastics},
  year = 2011,
  publisher = {Springer}
}



@book{pearl_causality:_2009,
	edition = {2},
	title = {Causality: {Models}, {Reasoning} and {Inference}},
	publisher = {Cambridge University Press},
	author = {Pearl, Judea},
	year = {2009}
}